<?xml version="1.0" encoding="UTF-8"?><collection xmlns="http://www.loc.gov/MARC21/slim"><record><leader>00324nam--2200121-i-4500</leader><controlfield tag="001">000025695</controlfield><controlfield tag="002">20161230</controlfield><controlfield tag="005">20161230201036</controlfield><controlfield tag="008">060222s1000------------r-----000-0-eng-d</controlfield><datafield ind1=" " ind2=" " tag="080"><subfield code="a">54(038)=20</subfield></datafield><datafield ind1=" " ind2=" " tag="245"><subfield code="a">International encyclopedia of chemical science</subfield></datafield><datafield ind1=" " ind2=" " tag="260"><subfield code="a">New York, D.Vn Nostrand Co., Inc., 1964, 1331p</subfield></datafield><datafield ind1=" " ind2=" " tag="852"><subfield code="a">D.325</subfield></datafield></record></collection>